<?xml version="1.0" encoding="UTF-8"?><collection xmlns="http://www.loc.gov/MARC21/slim"><record><leader>00485nam--2200181-u-4500</leader><controlfield tag="001">000054572</controlfield><controlfield tag="002">20161230</controlfield><controlfield tag="005">20161230201051</controlfield><controlfield tag="008">120202s1000------------r-----000-0-ger-d</controlfield><datafield ind1=" " ind2=" " tag="040"><subfield code="a">IFIN-HH</subfield></datafield><datafield ind1=" " ind2=" " tag="041"><subfield code="a">ger</subfield></datafield><datafield ind1=" " ind2=" " tag="080"><subfield code="a">539.12.04</subfield></datafield><datafield ind1="1" ind2=" " tag="100"><subfield code="a">Dessauer, Friedrich</subfield></datafield><datafield ind1="1" ind2="0" tag="245"><subfield code="a">Quantenbiologie</subfield><subfield code="b">Einfuhrung in einen neuen wissenszweig</subfield><subfield code="c">Friedrich dessauer</subfield></datafield><datafield ind1=" " ind2=" " tag="260"><subfield code="a">Berlin</subfield><subfield code="b">Springer-verlag</subfield><subfield code="c">1954</subfield></datafield><datafield ind1=" " ind2=" " tag="300"><subfield code="a">178P</subfield></datafield><datafield ind1=" " ind2=" " tag="852"><subfield code="a">10506</subfield><subfield code="c">539.12.04</subfield></datafield><datafield ind1=" " ind2=" " tag="CAT"><subfield code="a">Sys</subfield><subfield code="c">20120202</subfield><subfield code="h">145644</subfield></datafield></record></collection>